%YAML 1.1
%TAG !u! tag:unity3d.com,2011:
--- !u!29 &1
OcclusionCullingSettings:
  m_ObjectHideFlags: 0
  serializedVersion: 2
  m_OcclusionBakeSettings:
    smallestOccluder: 5
    smallestHole: 0.25
    backfaceThreshold: 100
  m_SceneGUID: 00000000000000000000000000000000
  m_OcclusionCullingData: {fileID: 0}
--- !u!104 &2
RenderSettings:
  m_ObjectHideFlags: 0
  serializedVersion: 9
  m_Fog: 0
  m_FogColor: {r: 0.5, g: 0.5, b: 0.5, a: 1}
  m_FogMode: 3
  m_FogDensity: 0.01
  m_LinearFogStart: 0
  m_LinearFogEnd: 300
  m_AmbientSkyColor: {r: 0.212, g: 0.227, b: 0.259, a: 1}
  m_AmbientEquatorColor: {r: 0.114, g: 0.125, b: 0.133, a: 1}
  m_AmbientGroundColor: {r: 0.047, g: 0.043, b: 0.035, a: 1}
  m_AmbientIntensity: 1
  m_AmbientMode: 3
  m_SubtractiveShadowColor: {r: 0.42, g: 0.478, b: 0.627, a: 1}
  m_SkyboxMaterial: {fileID: 0}
  m_HaloStrength: 0.5
  m_FlareStrength: 1
  m_FlareFadeSpeed: 3
  m_HaloTexture: {fileID: 0}
  m_SpotCookie: {fileID: 10001, guid: 0000000000000000e000000000000000, type: 0}
  m_DefaultReflectionMode: 0
  m_DefaultReflectionResolution: 128
  m_ReflectionBounces: 1
  m_ReflectionIntensity: 1
  m_CustomReflection: {fileID: 0}
  m_Sun: {fileID: 0}
  m_IndirectSpecularColor: {r: 0, g: 0, b: 0, a: 1}
  m_UseRadianceAmbientProbe: 0
--- !u!157 &3
LightmapSettings:
  m_ObjectHideFlags: 0
  serializedVersion: 11
  m_GIWorkflowMode: 1
  m_GISettings:
    serializedVersion: 2
    m_BounceScale: 1
    m_IndirectOutputScale: 1
    m_AlbedoBoost: 1
    m_EnvironmentLightingMode: 0
    m_EnableBakedLightmaps: 0
    m_EnableRealtimeLightmaps: 0
  m_LightmapEditorSettings:
    serializedVersion: 12
    m_Resolution: 2
    m_BakeResolution: 40
    m_AtlasSize: 1024
    m_AO: 0
    m_AOMaxDistance: 1
    m_CompAOExponent: 1
    m_CompAOExponentDirect: 0
    m_ExtractAmbientOcclusion: 0
    m_Padding: 2
    m_LightmapParameters: {fileID: 0}
    m_LightmapsBakeMode: 1
    m_TextureCompression: 1
    m_FinalGather: 0
    m_FinalGatherFiltering: 1
    m_FinalGatherRayCount: 256
    m_ReflectionCompression: 2
    m_MixedBakeMode: 2
    m_BakeBackend: 0
    m_PVRSampling: 1
    m_PVRDirectSampleCount: 32
    m_PVRSampleCount: 500
    m_PVRBounces: 2
    m_PVREnvironmentSampleCount: 500
    m_PVREnvironmentReferencePointCount: 2048
    m_PVRFilteringMode: 2
    m_PVRDenoiserTypeDirect: 0
    m_PVRDenoiserTypeIndirect: 0
    m_PVRDenoiserTypeAO: 0
    m_PVRFilterTypeDirect: 0
    m_PVRFilterTypeIndirect: 0
    m_PVRFilterTypeAO: 0
    m_PVREnvironmentMIS: 0
    m_PVRCulling: 1
    m_PVRFilteringGaussRadiusDirect: 1
    m_PVRFilteringGaussRadiusIndirect: 5
    m_PVRFilteringGaussRadiusAO: 2
    m_PVRFilteringAtrousPositionSigmaDirect: 0.5
    m_PVRFilteringAtrousPositionSigmaIndirect: 2
    m_PVRFilteringAtrousPositionSigmaAO: 1
    m_ExportTrainingData: 0
    m_TrainingDataDestination: TrainingData
    m_LightProbeSampleCountMultiplier: 4
  m_LightingDataAsset: {fileID: 0}
  m_UseShadowmask: 1
--- !u!196 &4
NavMeshSettings:
  serializedVersion: 2
  m_ObjectHideFlags: 0
  m_BuildSettings:
    serializedVersion: 2
    agentTypeID: 0
    agentRadius: 0.5
    agentHeight: 2
    agentSlope: 45
    agentClimb: 0.4
    ledgeDropHeight: 0
    maxJumpAcrossDistance: 0
    minRegionArea: 2
    manualCellSize: 0
    cellSize: 0.16666667
    manualTileSize: 0
    tileSize: 256
    accuratePlacement: 0
    debug:
      m_Flags: 0
  m_NavMeshData: {fileID: 0}
--- !u!1 &159353175
GameObject:
  m_ObjectHideFlags: 0
  m_CorrespondingSourceObject: {fileID: 0}
  m_PrefabInstance: {fileID: 0}
  m_PrefabAsset: {fileID: 0}
  serializedVersion: 6
  m_Component:
  - component: {fileID: 159353178}
  - component: {fileID: 159353177}
  - component: {fileID: 159353176}
  - component: {fileID: 159353180}
  - component: {fileID: 159353179}
  m_Layer: 0
  m_Name: Sheep
  m_TagString: Player
  m_Icon: {fileID: 0}
  m_NavMeshLayer: 0
  m_StaticEditorFlags: 0
  m_IsActive: 1
--- !u!60 &159353176
PolygonCollider2D:
  m_ObjectHideFlags: 0
  m_CorrespondingSourceObject: {fileID: 0}
  m_PrefabInstance: {fileID: 0}
  m_PrefabAsset: {fileID: 0}
  m_GameObject: {fileID: 159353175}
  m_Enabled: 1
  m_Density: 1
  m_Material: {fileID: 0}
  m_IsTrigger: 1
  m_UsedByEffector: 0
  m_UsedByComposite: 0
  m_Offset: {x: 0, y: 0}
  m_SpriteTilingProperty:
    border: {x: 0, y: 0, z: 0, w: 0}
    pivot: {x: 0.5, y: 0.5}
    oldSize: {x: 0.865, y: 0.9}
    newSize: {x: 8.65, y: 9}
    adaptiveTilingThreshold: 0.5
    drawMode: 0
    adaptiveTiling: 0
  m_AutoTiling: 0
  m_Points:
    m_Paths:
    - - {x: -0.028500002, y: -0.437}
      - {x: -0.0195, y: -0.42900002}
      - {x: -0.0145000005, y: -0.418}
      - {x: 0.015500001, y: -0.41700003}
      - {x: 0.0195, y: -0.41700003}
      - {x: 0.024500001, y: -0.42900002}
      - {x: 0.0335, y: -0.437}
      - {x: 0.045500003, y: -0.44400004}
      - {x: 0.064500004, y: -0.448}
      - {x: 0.0785, y: -0.45000002}
      - {x: 0.22150001, y: -0.45000002}
      - {x: 0.23250002, y: -0.448}
      - {x: 0.24450001, y: -0.446}
      - {x: 0.25750002, y: -0.43800002}
      - {x: 0.2635, y: -0.432}
      - {x: 0.26950002, y: -0.41900003}
      - {x: 0.2705, y: -0.409}
      - {x: 0.26950002, y: -0.395}
      - {x: 0.2685, y: -0.388}
      - {x: 0.26450002, y: -0.372}
      - {x: 0.26250002, y: -0.363}
      - {x: 0.2515, y: -0.344}
      - {x: 0.24750002, y: -0.33900002}
      - {x: 0.2525, y: -0.337}
      - {x: 0.27850002, y: -0.317}
      - {x: 0.2955, y: -0.30200002}
      - {x: 0.32050002, y: -0.27600002}
      - {x: 0.3345, y: -0.261}
      - {x: 0.35750002, y: -0.231}
      - {x: 0.37250003, y: -0.208}
      - {x: 0.38050002, y: -0.194}
      - {x: 0.3925, y: -0.17}
      - {x: 0.40150002, y: -0.15}
      - {x: 0.40850002, y: -0.132}
      - {x: 0.41250002, y: -0.12100001}
      - {x: 0.41750002, y: -0.105000004}
      - {x: 0.4185, y: -0.101}
      - {x: 0.42150003, y: -0.09}
      - {x: 0.42350003, y: -0.082}
      - {x: 0.42650002, y: -0.068}
      - {x: 0.4295, y: -0.051000003}
      - {x: 0.43250003, y: -0.029000001}
      - {x: 0.43250003, y: 0.062000003}
      - {x: 0.43150002, y: 0.072000004}
      - {x: 0.43050003, y: 0.079}
      - {x: 0.42650002, y: 0.104}
      - {x: 0.41750002, y: 0.14400001}
      - {x: 0.40850002, y: 0.16700001}
      - {x: 0.40350002, y: 0.18}
      - {x: 0.3925, y: 0.20500001}
      - {x: 0.38050002, y: 0.22900002}
      - {x: 0.3655, y: 0.254}
      - {x: 0.35250002, y: 0.273}
      - {x: 0.3465, y: 0.28100002}
      - {x: 0.3345, y: 0.296}
      - {x: 0.31950003, y: 0.31300002}
      - {x: 0.2955, y: 0.33600003}
      - {x: 0.2845, y: 0.34600002}
      - {x: 0.2685, y: 0.36}
      - {x: 0.25950003, y: 0.367}
      - {x: 0.22850001, y: 0.388}
      - {x: 0.20950001, y: 0.39900002}
      - {x: 0.17850001, y: 0.41400003}
      - {x: 0.16450001, y: 0.42000002}
      - {x: 0.1435, y: 0.42800003}
      - {x: 0.13550001, y: 0.432}
      - {x: 0.11050001, y: 0.43800002}
      - {x: 0.0895, y: 0.44300002}
      - {x: 0.060500003, y: 0.448}
      - {x: 0.043500002, y: 0.45000002}
      - {x: -0.043500002, y: 0.45000002}
      - {x: -0.052500002, y: 0.44900003}
      - {x: -0.0665, y: 0.44700003}
      - {x: -0.08450001, y: 0.44400004}
      - {x: -0.094500005, y: 0.44200003}
      - {x: -0.1225, y: 0.43500003}
      - {x: -0.13450001, y: 0.43100002}
      - {x: -0.1595, y: 0.42200002}
      - {x: -0.17150001, y: 0.41700003}
      - {x: -0.1825, y: 0.41200003}
      - {x: -0.20750001, y: 0.4}
      - {x: -0.2345, y: 0.384}
      - {x: -0.2565, y: 0.36900002}
      - {x: -0.2745, y: 0.35500002}
      - {x: -0.28750002, y: 0.344}
      - {x: -0.31550002, y: 0.317}
      - {x: -0.3375, y: 0.29200003}
      - {x: -0.3515, y: 0.27400002}
      - {x: -0.3585, y: 0.264}
      - {x: -0.36850002, y: 0.24900001}
      - {x: -0.3745, y: 0.23900001}
      - {x: -0.38250002, y: 0.22500001}
      - {x: -0.3995, y: 0.18900001}
      - {x: -0.4115, y: 0.162}
      - {x: -0.41750002, y: 0.13900001}
      - {x: -0.4205, y: 0.128}
      - {x: -0.42350003, y: 0.116000004}
      - {x: -0.42650002, y: 0.102000006}
      - {x: -0.43050003, y: 0.078}
      - {x: -0.43250003, y: 0.061000004}
      - {x: -0.43250003, y: -0.027}
      - {x: -0.43150002, y: -0.035}
      - {x: -0.42650002, y: -0.067}
      - {x: -0.42350003, y: -0.081}
      - {x: -0.41650003, y: -0.112}
      - {x: -0.4135, y: -0.11800001}
      - {x: -0.40250003, y: -0.147}
      - {x: -0.3955, y: -0.163}
      - {x: -0.37750003, y: -0.19900002}
      - {x: -0.3675, y: -0.21700001}
      - {x: -0.3485, y: -0.24300002}
      - {x: -0.32750002, y: -0.26900002}
      - {x: -0.3165, y: -0.28100002}
      - {x: -0.2955, y: -0.307}
      - {x: -0.2975, y: -0.314}
      - {x: -0.31350002, y: -0.33}
      - {x: -0.3185, y: -0.342}
      - {x: -0.31750003, y: -0.354}
      - {x: -0.3145, y: -0.363}
      - {x: -0.3125, y: -0.365}
      - {x: -0.3045, y: -0.374}
      - {x: -0.2975, y: -0.377}
      - {x: -0.28950003, y: -0.38000003}
      - {x: -0.2865, y: -0.38700002}
      - {x: -0.2775, y: -0.395}
      - {x: -0.2725, y: -0.39800003}
      - {x: -0.26450002, y: -0.4}
      - {x: -0.26450002, y: -0.42200002}
      - {x: -0.2585, y: -0.432}
      - {x: -0.2525, y: -0.43800002}
      - {x: -0.23550001, y: -0.446}
      - {x: -0.23150001, y: -0.44700003}
      - {x: -0.22250001, y: -0.44900003}
      - {x: -0.21650001, y: -0.45000002}
      - {x: -0.0735, y: -0.45000002}
      - {x: -0.053500004, y: -0.44700003}
      - {x: -0.0395, y: -0.44400004}
--- !u!212 &159353177
SpriteRenderer:
  m_ObjectHideFlags: 0
  m_CorrespondingSourceObject: {fileID: 0}
  m_PrefabInstance: {fileID: 0}
  m_PrefabAsset: {fileID: 0}
  m_GameObject: {fileID: 159353175}
  m_Enabled: 1
  m_CastShadows: 0
  m_ReceiveShadows: 0
  m_DynamicOccludee: 1
  m_MotionVectors: 1
  m_LightProbeUsage: 1
  m_ReflectionProbeUsage: 1
  m_RayTracingMode: 0
  m_RenderingLayerMask: 1
  m_RendererPriority: 0
  m_Materials:
  - {fileID: 10754, guid: 0000000000000000f000000000000000, type: 0}
  m_StaticBatchInfo:
    firstSubMesh: 0
    subMeshCount: 0
  m_StaticBatchRoot: {fileID: 0}
  m_ProbeAnchor: {fileID: 0}
  m_LightProbeVolumeOverride: {fileID: 0}
  m_ScaleInLightmap: 1
  m_ReceiveGI: 1
  m_PreserveUVs: 0
  m_IgnoreNormalsForChartDetection: 0
  m_ImportantGI: 0
  m_StitchLightmapSeams: 1
  m_SelectedEditorRenderState: 0
  m_MinimumChartSize: 4
  m_AutoUVMaxDistance: 0.5
  m_AutoUVMaxAngle: 89
  m_LightmapParameters: {fileID: 0}
  m_SortingLayerID: 0
  m_SortingLayer: 0
  m_SortingOrder: -1
  m_Sprite: {fileID: 21300000, guid: a8026974528eb6d4f800b493c784c14f, type: 3}
  m_Color: {r: 1, g: 1, b: 1, a: 1}
  m_FlipX: 0
  m_FlipY: 0
  m_DrawMode: 0
  m_Size: {x: 8.65, y: 9}
  m_AdaptiveModeThreshold: 0.5
  m_SpriteTileMode: 0
  m_WasSpriteAssigned: 1
  m_MaskInteraction: 0
  m_SpriteSortPoint: 0
--- !u!4 &159353178
Transform:
  m_ObjectHideFlags: 0
  m_CorrespondingSourceObject: {fileID: 0}
  m_PrefabInstance: {fileID: 0}
  m_PrefabAsset: {fileID: 0}
  m_GameObject: {fileID: 159353175}
  m_LocalRotation: {x: 0, y: 0, z: 0, w: 1}
  m_LocalPosition: {x: 0, y: 0, z: 0}
  m_LocalScale: {x: 1, y: 1, z: 1}
  m_Children: []
  m_Father: {fileID: 0}
  m_RootOrder: 2
  m_LocalEulerAnglesHint: {x: 0, y: 0, z: 0}
--- !u!114 &159353179
MonoBehaviour:
  m_ObjectHideFlags: 0
  m_CorrespondingSourceObject: {fileID: 0}
  m_PrefabInstance: {fileID: 0}
  m_PrefabAsset: {fileID: 0}
  m_GameObject: {fileID: 159353175}
  m_Enabled: 1
  m_EditorHideFlags: 0
  m_Script: {fileID: 11500000, guid: 455c3ce9f94eeac4ab052abbc737355f, type: 3}
  m_Name: 
  m_EditorClassIdentifier: 
  moveSpeed: 20
  minX: -5.5
  maxX: 5.5
  maxY: 3
  minY: -3
--- !u!50 &159353180
Rigidbody2D:
  serializedVersion: 4
  m_ObjectHideFlags: 0
  m_CorrespondingSourceObject: {fileID: 0}
  m_PrefabInstance: {fileID: 0}
  m_PrefabAsset: {fileID: 0}
  m_GameObject: {fileID: 159353175}
  m_BodyType: 0
  m_Simulated: 1
  m_UseFullKinematicContacts: 0
  m_UseAutoMass: 0
  m_Mass: 1
  m_LinearDrag: 0
  m_AngularDrag: 0.05
  m_GravityScale: 0
  m_Material: {fileID: 0}
  m_Interpolate: 0
  m_SleepingMode: 1
  m_CollisionDetection: 0
  m_Constraints: 0
--- !u!1 &271042303
GameObject:
  m_ObjectHideFlags: 0
  m_CorrespondingSourceObject: {fileID: 0}
  m_PrefabInstance: {fileID: 0}
  m_PrefabAsset: {fileID: 0}
  serializedVersion: 6
  m_Component:
  - component: {fileID: 271042304}
  - component: {fileID: 271042306}
  - component: {fileID: 271042305}
  m_Layer: 5
  m_Name: Text
  m_TagString: Untagged
  m_Icon: {fileID: 0}
  m_NavMeshLayer: 0
  m_StaticEditorFlags: 0
  m_IsActive: 1
--- !u!224 &271042304
RectTransform:
  m_ObjectHideFlags: 0
  m_CorrespondingSourceObject: {fileID: 0}
  m_PrefabInstance: {fileID: 0}
  m_PrefabAsset: {fileID: 0}
  m_GameObject: {fileID: 271042303}
  m_LocalRotation: {x: 0, y: 0, z: 0, w: 1}
  m_LocalPosition: {x: 0, y: 0, z: 0}
  m_LocalScale: {x: 1, y: 1, z: 1}
  m_Children: []
  m_Father: {fileID: 1087930594}
  m_RootOrder: 1
  m_LocalEulerAnglesHint: {x: 0, y: 0, z: 0}
  m_AnchorMin: {x: 1, y: 1}
  m_AnchorMax: {x: 1, y: 1}
  m_AnchoredPosition: {x: -98, y: -33}
  m_SizeDelta: {x: 160, y: 50}
  m_Pivot: {x: 0.5, y: 0.5}
--- !u!114 &271042305
MonoBehaviour:
  m_ObjectHideFlags: 0
  m_CorrespondingSourceObject: {fileID: 0}
  m_PrefabInstance: {fileID: 0}
  m_PrefabAsset: {fileID: 0}
  m_GameObject: {fileID: 271042303}
  m_Enabled: 1
  m_EditorHideFlags: 0
  m_Script: {fileID: 11500000, guid: 5f7201a12d95ffc409449d95f23cf332, type: 3}
  m_Name: 
  m_EditorClassIdentifier: 
  m_Material: {fileID: 0}
  m_Color: {r: 0.9622642, g: 0, b: 0.036552377, a: 1}
  m_RaycastTarget: 1
  m_OnCullStateChanged:
    m_PersistentCalls:
      m_Calls: []
  m_FontData:
    m_Font: {fileID: 10102, guid: 0000000000000000e000000000000000, type: 0}
    m_FontSize: 40
    m_FontStyle: 1
    m_BestFit: 0
    m_MinSize: 0
    m_MaxSize: 50
    m_Alignment: 4
    m_AlignByGeometry: 0
    m_RichText: 1
    m_HorizontalOverflow: 0
    m_VerticalOverflow: 0
    m_LineSpacing: 1
  m_Text: Point:0
--- !u!222 &271042306
CanvasRenderer:
  m_ObjectHideFlags: 0
  m_CorrespondingSourceObject: {fileID: 0}
  m_PrefabInstance: {fileID: 0}
  m_PrefabAsset: {fileID: 0}
  m_GameObject: {fileID: 271042303}
  m_CullTransparentMesh: 0
--- !u!4 &317747305 stripped
Transform:
  m_CorrespondingSourceObject: {fileID: 6247438639348190495, guid: b1f4807e5608df4479d98f1cde22a994,
    type: 3}
  m_PrefabInstance: {fileID: 1099799769}
  m_PrefabAsset: {fileID: 0}
--- !u!1 &519420028
GameObject:
  m_ObjectHideFlags: 0
  m_CorrespondingSourceObject: {fileID: 0}
  m_PrefabInstance: {fileID: 0}
  m_PrefabAsset: {fileID: 0}
  serializedVersion: 6
  m_Component:
  - component: {fileID: 519420032}
  - component: {fileID: 519420031}
  - component: {fileID: 519420029}
  m_Layer: 0
  m_Name: Main Camera
  m_TagString: MainCamera
  m_Icon: {fileID: 0}
  m_NavMeshLayer: 0
  m_StaticEditorFlags: 0
  m_IsActive: 1
--- !u!81 &519420029
AudioListener:
  m_ObjectHideFlags: 0
  m_CorrespondingSourceObject: {fileID: 0}
  m_PrefabInstance: {fileID: 0}
  m_PrefabAsset: {fileID: 0}
  m_GameObject: {fileID: 519420028}
  m_Enabled: 1
--- !u!20 &519420031
Camera:
  m_ObjectHideFlags: 0
  m_CorrespondingSourceObject: {fileID: 0}
  m_PrefabInstance: {fileID: 0}
  m_PrefabAsset: {fileID: 0}
  m_GameObject: {fileID: 519420028}
  m_Enabled: 1
  serializedVersion: 2
  m_ClearFlags: 2
  m_BackGroundColor: {r: 0.8679245, g: 0.7819509, b: 0.43805626, a: 0.3254902}
  m_projectionMatrixMode: 1
  m_GateFitMode: 2
  m_FOVAxisMode: 0
  m_SensorSize: {x: 36, y: 24}
  m_LensShift: {x: 0, y: 0}
  m_FocalLength: 50
  m_NormalizedViewPortRect:
    serializedVersion: 2
    x: 0
    y: 0
    width: 1
    height: 1
  near clip plane: 0.3
  far clip plane: 1000
  field of view: 60
  orthographic: 1
  orthographic size: 5
  m_Depth: -1
  m_CullingMask:
    serializedVersion: 2
    m_Bits: 4294967295
  m_RenderingPath: -1
  m_TargetTexture: {fileID: 0}
  m_TargetDisplay: 0
  m_TargetEye: 0
  m_HDR: 1
  m_AllowMSAA: 0
  m_AllowDynamicResolution: 0
  m_ForceIntoRT: 0
  m_OcclusionCulling: 0
  m_StereoConvergence: 10
  m_StereoSeparation: 0.022
--- !u!4 &519420032
Transform:
  m_ObjectHideFlags: 0
  m_CorrespondingSourceObject: {fileID: 0}
  m_PrefabInstance: {fileID: 0}
  m_PrefabAsset: {fileID: 0}
  m_GameObject: {fileID: 519420028}
  m_LocalRotation: {x: 0, y: 0, z: 0, w: 1}
  m_LocalPosition: {x: 0, y: 0, z: -10}
  m_LocalScale: {x: 1, y: 1, z: 1}
  m_Children: []
  m_Father: {fileID: 0}
  m_RootOrder: 0
  m_LocalEulerAnglesHint: {x: 0, y: 0, z: 0}
--- !u!1 &581281301
GameObject:
  m_ObjectHideFlags: 0
  m_CorrespondingSourceObject: {fileID: 0}
  m_PrefabInstance: {fileID: 0}
  m_PrefabAsset: {fileID: 0}
  serializedVersion: 6
  m_Component:
  - component: {fileID: 581281304}
  - component: {fileID: 581281303}
  - component: {fileID: 581281302}
  m_Layer: 0
  m_Name: EventSystem
  m_TagString: Untagged
  m_Icon: {fileID: 0}
  m_NavMeshLayer: 0
  m_StaticEditorFlags: 0
  m_IsActive: 1
--- !u!114 &581281302
MonoBehaviour:
  m_ObjectHideFlags: 0
  m_CorrespondingSourceObject: {fileID: 0}
  m_PrefabInstance: {fileID: 0}
  m_PrefabAsset: {fileID: 0}
  m_GameObject: {fileID: 581281301}
  m_Enabled: 1
  m_EditorHideFlags: 0
  m_Script: {fileID: 11500000, guid: 4f231c4fb786f3946a6b90b886c48677, type: 3}
  m_Name: 
  m_EditorClassIdentifier: 
  m_HorizontalAxis: Horizontal
  m_VerticalAxis: Vertical
  m_SubmitButton: Submit
  m_CancelButton: Cancel
  m_InputActionsPerSecond: 10
  m_RepeatDelay: 0.5
  m_ForceModuleActive: 0
--- !u!114 &581281303
MonoBehaviour:
  m_ObjectHideFlags: 0
  m_CorrespondingSourceObject: {fileID: 0}
  m_PrefabInstance: {fileID: 0}
  m_PrefabAsset: {fileID: 0}
  m_GameObject: {fileID: 581281301}
  m_Enabled: 1
  m_EditorHideFlags: 0
  m_Script: {fileID: 11500000, guid: 76c392e42b5098c458856cdf6ecaaaa1, type: 3}
  m_Name: 
  m_EditorClassIdentifier: 
  m_FirstSelected: {fileID: 0}
  m_sendNavigationEvents: 1
  m_DragThreshold: 10
--- !u!4 &581281304
Transform:
  m_ObjectHideFlags: 0
  m_CorrespondingSourceObject: {fileID: 0}
  m_PrefabInstance: {fileID: 0}
  m_PrefabAsset: {fileID: 0}
  m_GameObject: {fileID: 581281301}
  m_LocalRotation: {x: 0, y: 0, z: 0, w: 1}
  m_LocalPosition: {x: 0, y: 0, z: 0}
  m_LocalScale: {x: 1, y: 1, z: 1}
  m_Children: []
  m_Father: {fileID: 0}
  m_RootOrder: 6
  m_LocalEulerAnglesHint: {x: 0, y: 0, z: 0}
--- !u!1001 &590411353
PrefabInstance:
  m_ObjectHideFlags: 0
  serializedVersion: 2
  m_Modification:
    m_TransformParent: {fileID: 1673311987}
    m_Modifications:
    - target: {fileID: 5741129001081825452, guid: b1f4807e5608df4479d98f1cde22a994,
        type: 3}
      propertyPath: throughBombTime
      value: 0.3
      objectReference: {fileID: 0}
    - target: {fileID: 6247438639348190495, guid: b1f4807e5608df4479d98f1cde22a994,
        type: 3}
      propertyPath: m_LocalPosition.x
      value: 9.41
      objectReference: {fileID: 0}
    - target: {fileID: 6247438639348190495, guid: b1f4807e5608df4479d98f1cde22a994,
        type: 3}
      propertyPath: m_LocalPosition.y
      value: -1.18
      objectReference: {fileID: 0}
    - target: {fileID: 6247438639348190495, guid: b1f4807e5608df4479d98f1cde22a994,
        type: 3}
      propertyPath: m_LocalPosition.z
      value: 0
      objectReference: {fileID: 0}
    - target: {fileID: 6247438639348190495, guid: b1f4807e5608df4479d98f1cde22a994,
        type: 3}
      propertyPath: m_LocalRotation.x
      value: 0
      objectReference: {fileID: 0}
    - target: {fileID: 6247438639348190495, guid: b1f4807e5608df4479d98f1cde22a994,
        type: 3}
      propertyPath: m_LocalRotation.y
      value: 0
      objectReference: {fileID: 0}
    - target: {fileID: 6247438639348190495, guid: b1f4807e5608df4479d98f1cde22a994,
        type: 3}
      propertyPath: m_LocalRotation.z
      value: 0
      objectReference: {fileID: 0}
    - target: {fileID: 6247438639348190495, guid: b1f4807e5608df4479d98f1cde22a994,
        type: 3}
      propertyPath: m_LocalRotation.w
      value: 1
      objectReference: {fileID: 0}
    - target: {fileID: 6247438639348190495, guid: b1f4807e5608df4479d98f1cde22a994,
        type: 3}
      propertyPath: m_RootOrder
      value: 2
      objectReference: {fileID: 0}
    - target: {fileID: 6247438639348190495, guid: b1f4807e5608df4479d98f1cde22a994,
        type: 3}
      propertyPath: m_LocalEulerAnglesHint.x
      value: 0
      objectReference: {fileID: 0}
    - target: {fileID: 6247438639348190495, guid: b1f4807e5608df4479d98f1cde22a994,
        type: 3}
      propertyPath: m_LocalEulerAnglesHint.y
      value: 0
      objectReference: {fileID: 0}
    - target: {fileID: 6247438639348190495, guid: b1f4807e5608df4479d98f1cde22a994,
        type: 3}
      propertyPath: m_LocalEulerAnglesHint.z
      value: 0
      objectReference: {fileID: 0}
    - target: {fileID: 8157845212185007894, guid: b1f4807e5608df4479d98f1cde22a994,
        type: 3}
      propertyPath: m_Name
      value: Wolf (2)
      objectReference: {fileID: 0}
    m_RemovedComponents: []
  m_SourcePrefab: {fileID: 100100000, guid: b1f4807e5608df4479d98f1cde22a994, type: 3}
--- !u!4 &602384474 stripped
Transform:
  m_CorrespondingSourceObject: {fileID: 6247438639348190495, guid: b1f4807e5608df4479d98f1cde22a994,
    type: 3}
  m_PrefabInstance: {fileID: 861608095}
  m_PrefabAsset: {fileID: 0}
--- !u!1 &778001808
GameObject:
  m_ObjectHideFlags: 0
  m_CorrespondingSourceObject: {fileID: 0}
  m_PrefabInstance: {fileID: 0}
  m_PrefabAsset: {fileID: 0}
  serializedVersion: 6
  m_Component:
  - component: {fileID: 778001809}
  - component: {fileID: 778001813}
  - component: {fileID: 778001812}
  - component: {fileID: 778001811}
  - component: {fileID: 778001810}
  m_Layer: 5
  m_Name: Button
  m_TagString: Untagged
  m_Icon: {fileID: 0}
  m_NavMeshLayer: 0
  m_StaticEditorFlags: 0
  m_IsActive: 1
--- !u!224 &778001809
RectTransform:
  m_ObjectHideFlags: 0
  m_CorrespondingSourceObject: {fileID: 0}
  m_PrefabInstance: {fileID: 0}
  m_PrefabAsset: {fileID: 0}
  m_GameObject: {fileID: 778001808}
  m_LocalRotation: {x: 0, y: 0, z: 0, w: 1}
  m_LocalPosition: {x: 0, y: 0, z: 0}
  m_LocalScale: {x: 1, y: 1, z: 1}
  m_Children: []
  m_Father: {fileID: 2034384596}
  m_RootOrder: 0
  m_LocalEulerAnglesHint: {x: 0, y: 0, z: 0}
  m_AnchorMin: {x: 0.5, y: 0.5}
  m_AnchorMax: {x: 0.5, y: 0.5}
  m_AnchoredPosition: {x: 0, y: 0}
  m_SizeDelta: {x: 160, y: 100}
  m_Pivot: {x: 0.5, y: 0.5}
--- !u!114 &778001810
MonoBehaviour:
  m_ObjectHideFlags: 0
  m_CorrespondingSourceObject: {fileID: 0}
  m_PrefabInstance: {fileID: 0}
  m_PrefabAsset: {fileID: 0}
  m_GameObject: {fileID: 778001808}
  m_Enabled: 1
  m_EditorHideFlags: 0
  m_Script: {fileID: 11500000, guid: d0b148fe25e99eb48b9724523833bab1, type: 3}
  m_Name: 
  m_EditorClassIdentifier: 
  m_Delegates:
  - eventID: 0
    callback:
      m_PersistentCalls:
        m_Calls:
        - m_Target: {fileID: 929489910}
          m_MethodName: ButtonHover
          m_Mode: 1
          m_Arguments:
            m_ObjectArgument: {fileID: 0}
            m_ObjectArgumentAssemblyTypeName: UnityEngine.Object, UnityEngine
            m_IntArgument: 0
            m_FloatArgument: 0
            m_StringArgument: 
            m_BoolArgument: 0
          m_CallState: 2
  - eventID: 1
    callback:
      m_PersistentCalls:
        m_Calls:
        - m_Target: {fileID: 929489910}
          m_MethodName: ButtonIdle
          m_Mode: 1
          m_Arguments:
            m_ObjectArgument: {fileID: 0}
            m_ObjectArgumentAssemblyTypeName: UnityEngine.Object, UnityEngine
            m_IntArgument: 0
            m_FloatArgument: 0
            m_StringArgument: 
            m_BoolArgument: 0
          m_CallState: 2
  - eventID: 2
    callback:
      m_PersistentCalls:
        m_Calls:
        - m_Target: {fileID: 929489910}
          m_MethodName: ButtonClick
          m_Mode: 1
          m_Arguments:
            m_ObjectArgument: {fileID: 0}
            m_ObjectArgumentAssemblyTypeName: UnityEngine.Object, UnityEngine
            m_IntArgument: 0
            m_FloatArgument: 0
            m_StringArgument: 
            m_BoolArgument: 0
          m_CallState: 2
--- !u!114 &778001811
MonoBehaviour:
  m_ObjectHideFlags: 0
  m_CorrespondingSourceObject: {fileID: 0}
  m_PrefabInstance: {fileID: 0}
  m_PrefabAsset: {fileID: 0}
  m_GameObject: {fileID: 778001808}
  m_Enabled: 1
  m_EditorHideFlags: 0
  m_Script: {fileID: 11500000, guid: 4e29b1a8efbd4b44bb3f3716e73f07ff, type: 3}
  m_Name: 
  m_EditorClassIdentifier: 
  m_Navigation:
    m_Mode: 3
    m_SelectOnUp: {fileID: 0}
    m_SelectOnDown: {fileID: 0}
    m_SelectOnLeft: {fileID: 0}
    m_SelectOnRight: {fileID: 0}
  m_Transition: 1
  m_Colors:
    m_NormalColor: {r: 1, g: 1, b: 1, a: 1}
    m_HighlightedColor: {r: 0.9607843, g: 0.9607843, b: 0.9607843, a: 1}
    m_PressedColor: {r: 0.78431374, g: 0.78431374, b: 0.78431374, a: 1}
    m_SelectedColor: {r: 0.9607843, g: 0.9607843, b: 0.9607843, a: 1}
    m_DisabledColor: {r: 0.78431374, g: 0.78431374, b: 0.78431374, a: 0.5019608}
    m_ColorMultiplier: 1
    m_FadeDuration: 0.1
  m_SpriteState:
    m_HighlightedSprite: {fileID: 0}
    m_PressedSprite: {fileID: 0}
    m_SelectedSprite: {fileID: 0}
    m_DisabledSprite: {fileID: 0}
  m_AnimationTriggers:
    m_NormalTrigger: Normal
    m_HighlightedTrigger: Highlighted
    m_PressedTrigger: Pressed
    m_SelectedTrigger: Selected
    m_DisabledTrigger: Disabled
  m_Interactable: 1
  m_TargetGraphic: {fileID: 778001812}
  m_OnClick:
    m_PersistentCalls:
      m_Calls:
      - m_Target: {fileID: 929489910}
        m_MethodName: StartGame
        m_Mode: 1
        m_Arguments:
          m_ObjectArgument: {fileID: 0}
          m_ObjectArgumentAssemblyTypeName: UnityEngine.Object, UnityEngine
          m_IntArgument: 0
          m_FloatArgument: 0
          m_StringArgument: 
          m_BoolArgument: 0
        m_CallState: 2
--- !u!114 &778001812
MonoBehaviour:
  m_ObjectHideFlags: 0
  m_CorrespondingSourceObject: {fileID: 0}
  m_PrefabInstance: {fileID: 0}
  m_PrefabAsset: {fileID: 0}
  m_GameObject: {fileID: 778001808}
  m_Enabled: 1
  m_EditorHideFlags: 0
  m_Script: {fileID: 11500000, guid: fe87c0e1cc204ed48ad3b37840f39efc, type: 3}
  m_Name: 
  m_EditorClassIdentifier: 
  m_Material: {fileID: 0}
  m_Color: {r: 1, g: 1, b: 1, a: 1}
  m_RaycastTarget: 1
  m_OnCullStateChanged:
    m_PersistentCalls:
      m_Calls: []
  m_Sprite: {fileID: 21300000, guid: b425544dad272194d89a90ac65a618e8, type: 3}
  m_Type: 0
  m_PreserveAspect: 0
  m_FillCenter: 1
  m_FillMethod: 4
  m_FillAmount: 1
  m_FillClockwise: 1
  m_FillOrigin: 0
  m_UseSpriteMesh: 0
  m_PixelsPerUnitMultiplier: 1
--- !u!222 &778001813
CanvasRenderer:
  m_ObjectHideFlags: 0
  m_CorrespondingSourceObject: {fileID: 0}
  m_PrefabInstance: {fileID: 0}
  m_PrefabAsset: {fileID: 0}
  m_GameObject: {fileID: 778001808}
  m_CullTransparentMesh: 0
--- !u!1001 &861608095
PrefabInstance:
  m_ObjectHideFlags: 0
  serializedVersion: 2
  m_Modification:
    m_TransformParent: {fileID: 1673311987}
    m_Modifications:
    - target: {fileID: 5741129001081825452, guid: b1f4807e5608df4479d98f1cde22a994,
        type: 3}
      propertyPath: throughBombTime
      value: 0.3
      objectReference: {fileID: 0}
    - target: {fileID: 6247438639348190495, guid: b1f4807e5608df4479d98f1cde22a994,
        type: 3}
      propertyPath: m_LocalPosition.x
      value: 9.41
      objectReference: {fileID: 0}
    - target: {fileID: 6247438639348190495, guid: b1f4807e5608df4479d98f1cde22a994,
        type: 3}
      propertyPath: m_LocalPosition.y
      value: -2.65
      objectReference: {fileID: 0}
    - target: {fileID: 6247438639348190495, guid: b1f4807e5608df4479d98f1cde22a994,
        type: 3}
      propertyPath: m_LocalPosition.z
      value: 0
      objectReference: {fileID: 0}
    - target: {fileID: 6247438639348190495, guid: b1f4807e5608df4479d98f1cde22a994,
        type: 3}
      propertyPath: m_LocalRotation.x
      value: 0
      objectReference: {fileID: 0}
    - target: {fileID: 6247438639348190495, guid: b1f4807e5608df4479d98f1cde22a994,
        type: 3}
      propertyPath: m_LocalRotation.y
      value: 0
      objectReference: {fileID: 0}
    - target: {fileID: 6247438639348190495, guid: b1f4807e5608df4479d98f1cde22a994,
        type: 3}
      propertyPath: m_LocalRotation.z
      value: 0
      objectReference: {fileID: 0}
    - target: {fileID: 6247438639348190495, guid: b1f4807e5608df4479d98f1cde22a994,
        type: 3}
      propertyPath: m_LocalRotation.w
      value: 1
      objectReference: {fileID: 0}
    - target: {fileID: 6247438639348190495, guid: b1f4807e5608df4479d98f1cde22a994,
        type: 3}
      propertyPath: m_RootOrder
      value: 3
      objectReference: {fileID: 0}
    - target: {fileID: 6247438639348190495, guid: b1f4807e5608df4479d98f1cde22a994,
        type: 3}
      propertyPath: m_LocalEulerAnglesHint.x
      value: 0
      objectReference: {fileID: 0}
    - target: {fileID: 6247438639348190495, guid: b1f4807e5608df4479d98f1cde22a994,
        type: 3}
      propertyPath: m_LocalEulerAnglesHint.y
      value: 0
      objectReference: {fileID: 0}
    - target: {fileID: 6247438639348190495, guid: b1f4807e5608df4479d98f1cde22a994,
        type: 3}
      propertyPath: m_LocalEulerAnglesHint.z
      value: 0
      objectReference: {fileID: 0}
    - target: {fileID: 8157845212185007894, guid: b1f4807e5608df4479d98f1cde22a994,
        type: 3}
      propertyPath: m_Name
      value: Wolf (3)
      objectReference: {fileID: 0}
    m_RemovedComponents: []
  m_SourcePrefab: {fileID: 100100000, guid: b1f4807e5608df4479d98f1cde22a994, type: 3}
--- !u!1 &929489909
GameObject:
  m_ObjectHideFlags: 0
  m_CorrespondingSourceObject: {fileID: 0}
  m_PrefabInstance: {fileID: 0}
  m_PrefabAsset: {fileID: 0}
  serializedVersion: 6
  m_Component:
  - component: {fileID: 929489911}
  - component: {fileID: 929489910}
  - component: {fileID: 929489912}
  m_Layer: 0
  m_Name: GameController
  m_TagString: GameController
  m_Icon: {fileID: 0}
  m_NavMeshLayer: 0
  m_StaticEditorFlags: 0
  m_IsActive: 1
--- !u!114 &929489910
MonoBehaviour:
  m_ObjectHideFlags: 0
  m_CorrespondingSourceObject: {fileID: 0}
  m_PrefabInstance: {fileID: 0}
  m_PrefabAsset: {fileID: 0}
  m_GameObject: {fileID: 929489909}
  m_Enabled: 1
  m_EditorHideFlags: 0
  m_Script: {fileID: 11500000, guid: 5eda6fa6ce2cbe649a6073ae397230a9, type: 3}
  m_Name: 
  m_EditorClassIdentifier: 
  panelEndGame: {fileID: 2034384595}
  buttonRestart: {fileID: 778001811}
  buttonIdle: {fileID: 21300000, guid: b425544dad272194d89a90ac65a618e8, type: 3}
  buttonHover: {fileID: 21300000, guid: bd28b80e2555ab74d9b3dafa50696e82, type: 3}
  buttonClick: {fileID: 21300000, guid: 901bca32f4d8acc4c97d0685622a7837, type: 3}
  txtPoint: {fileID: 271042305}
--- !u!4 &929489911
Transform:
  m_ObjectHideFlags: 0
  m_CorrespondingSourceObject: {fileID: 0}
  m_PrefabInstance: {fileID: 0}
  m_PrefabAsset: {fileID: 0}
  m_GameObject: {fileID: 929489909}
  m_LocalRotation: {x: 0, y: 0, z: 0, w: 1}
  m_LocalPosition: {x: -3.7067978, y: 0.5463783, z: -1.7257649}
  m_LocalScale: {x: 1, y: 1, z: 1}
  m_Children: []
  m_Father: {fileID: 0}
  m_RootOrder: 4
  m_LocalEulerAnglesHint: {x: 0, y: 0, z: 0}
--- !u!82 &929489912
AudioSource:
  m_ObjectHideFlags: 0
  m_CorrespondingSourceObject: {fileID: 0}
  m_PrefabInstance: {fileID: 0}
  m_PrefabAsset: {fileID: 0}
  m_GameObject: {fileID: 929489909}
  m_Enabled: 1
  serializedVersion: 4
  OutputAudioMixerGroup: {fileID: 0}
  m_audioClip: {fileID: 8300000, guid: 650b356c6cb23c74f8e6e27752070ef9, type: 3}
  m_PlayOnAwake: 0
  m_Volume: 1
  m_Pitch: 1
  Loop: 0
  Mute: 0
  Spatialize: 0
  SpatializePostEffects: 0
  Priority: 128
  DopplerLevel: 1
  MinDistance: 1
  MaxDistance: 500
  Pan2D: 0
  rolloffMode: 0
  BypassEffects: 0
  BypassListenerEffects: 0
  BypassReverbZones: 0
  rolloffCustomCurve:
    serializedVersion: 2
    m_Curve:
    - serializedVersion: 3
      time: 0
      value: 1
      inSlope: 0
      outSlope: 0
      tangentMode: 0
      weightedMode: 0
      inWeight: 0.33333334
      outWeight: 0.33333334
    - serializedVersion: 3
      time: 1
      value: 0
      inSlope: 0
      outSlope: 0
      tangentMode: 0
      weightedMode: 0
      inWeight: 0.33333334
      outWeight: 0.33333334
    m_PreInfinity: 2
    m_PostInfinity: 2
    m_RotationOrder: 4
  panLevelCustomCurve:
    serializedVersion: 2
    m_Curve:
    - serializedVersion: 3
      time: 0
      value: 0
      inSlope: 0
      outSlope: 0
      tangentMode: 0
      weightedMode: 0
      inWeight: 0.33333334
      outWeight: 0.33333334
    m_PreInfinity: 2
    m_PostInfinity: 2
    m_RotationOrder: 4
  spreadCustomCurve:
    serializedVersion: 2
    m_Curve:
    - serializedVersion: 3
      time: 0
      value: 0
      inSlope: 0
      outSlope: 0
      tangentMode: 0
      weightedMode: 0
      inWeight: 0.33333334
      outWeight: 0.33333334
    m_PreInfinity: 2
    m_PostInfinity: 2
    m_RotationOrder: 4
  reverbZoneMixCustomCurve:
    serializedVersion: 2
    m_Curve:
    - serializedVersion: 3
      time: 0
      value: 1
      inSlope: 0
      outSlope: 0
      tangentMode: 0
      weightedMode: 0
      inWeight: 0.33333334
      outWeight: 0.33333334
    m_PreInfinity: 2
    m_PostInfinity: 2
    m_RotationOrder: 4
--- !u!1001 &992560449
PrefabInstance:
  m_ObjectHideFlags: 0
  serializedVersion: 2
  m_Modification:
    m_TransformParent: {fileID: 1673311987}
    m_Modifications:
    - target: {fileID: 5741129001081825452, guid: b1f4807e5608df4479d98f1cde22a994,
        type: 3}
      propertyPath: throughBombTime
      value: 0.3
      objectReference: {fileID: 0}
    - target: {fileID: 6247438639348190495, guid: b1f4807e5608df4479d98f1cde22a994,
        type: 3}
      propertyPath: m_LocalPosition.x
      value: 9.41
      objectReference: {fileID: 0}
    - target: {fileID: 6247438639348190495, guid: b1f4807e5608df4479d98f1cde22a994,
        type: 3}
      propertyPath: m_LocalPosition.y
      value: -4.2
      objectReference: {fileID: 0}
    - target: {fileID: 6247438639348190495, guid: b1f4807e5608df4479d98f1cde22a994,
        type: 3}
      propertyPath: m_LocalPosition.z
      value: 0
      objectReference: {fileID: 0}
    - target: {fileID: 6247438639348190495, guid: b1f4807e5608df4479d98f1cde22a994,
        type: 3}
      propertyPath: m_LocalRotation.x
      value: 0
      objectReference: {fileID: 0}
    - target: {fileID: 6247438639348190495, guid: b1f4807e5608df4479d98f1cde22a994,
        type: 3}
      propertyPath: m_LocalRotation.y
      value: 0
      objectReference: {fileID: 0}
    - target: {fileID: 6247438639348190495, guid: b1f4807e5608df4479d98f1cde22a994,
        type: 3}
      propertyPath: m_LocalRotation.z
      value: 0
      objectReference: {fileID: 0}
    - target: {fileID: 6247438639348190495, guid: b1f4807e5608df4479d98f1cde22a994,
        type: 3}
      propertyPath: m_LocalRotation.w
      value: 1
      objectReference: {fileID: 0}
    - target: {fileID: 6247438639348190495, guid: b1f4807e5608df4479d98f1cde22a994,
        type: 3}
      propertyPath: m_RootOrder
      value: 4
      objectReference: {fileID: 0}
    - target: {fileID: 6247438639348190495, guid: b1f4807e5608df4479d98f1cde22a994,
        type: 3}
      propertyPath: m_LocalEulerAnglesHint.x
      value: 0
      objectReference: {fileID: 0}
    - target: {fileID: 6247438639348190495, guid: b1f4807e5608df4479d98f1cde22a994,
        type: 3}
      propertyPath: m_LocalEulerAnglesHint.y
      value: 0
      objectReference: {fileID: 0}
    - target: {fileID: 6247438639348190495, guid: b1f4807e5608df4479d98f1cde22a994,
        type: 3}
      propertyPath: m_LocalEulerAnglesHint.z
      value: 0
      objectReference: {fileID: 0}
    - target: {fileID: 8157845212185007894, guid: b1f4807e5608df4479d98f1cde22a994,
        type: 3}
      propertyPath: m_Name
      value: Wolf (4)
      objectReference: {fileID: 0}
    m_RemovedComponents: []
  m_SourcePrefab: {fileID: 100100000, guid: b1f4807e5608df4479d98f1cde22a994, type: 3}
--- !u!1 &1087930590
GameObject:
  m_ObjectHideFlags: 0
  m_CorrespondingSourceObject: {fileID: 0}
  m_PrefabInstance: {fileID: 0}
  m_PrefabAsset: {fileID: 0}
  serializedVersion: 6
  m_Component:
  - component: {fileID: 1087930594}
  - component: {fileID: 1087930593}
  - component: {fileID: 1087930592}
  - component: {fileID: 1087930591}
  m_Layer: 5
  m_Name: Menu
  m_TagString: Untagged
  m_Icon: {fileID: 0}
  m_NavMeshLayer: 0
  m_StaticEditorFlags: 0
  m_IsActive: 1
--- !u!114 &1087930591
MonoBehaviour:
  m_ObjectHideFlags: 0
  m_CorrespondingSourceObject: {fileID: 0}
  m_PrefabInstance: {fileID: 0}
  m_PrefabAsset: {fileID: 0}
  m_GameObject: {fileID: 1087930590}
  m_Enabled: 1
  m_EditorHideFlags: 0
  m_Script: {fileID: 11500000, guid: dc42784cf147c0c48a680349fa168899, type: 3}
  m_Name: 
  m_EditorClassIdentifier: 
  m_IgnoreReversedGraphics: 1
  m_BlockingObjects: 0
  m_BlockingMask:
    serializedVersion: 2
    m_Bits: 4294967295
--- !u!114 &1087930592
MonoBehaviour:
  m_ObjectHideFlags: 0
  m_CorrespondingSourceObject: {fileID: 0}
  m_PrefabInstance: {fileID: 0}
  m_PrefabAsset: {fileID: 0}
  m_GameObject: {fileID: 1087930590}
  m_Enabled: 1
  m_EditorHideFlags: 0
  m_Script: {fileID: 11500000, guid: 0cd44c1031e13a943bb63640046fad76, type: 3}
  m_Name: 
  m_EditorClassIdentifier: 
  m_UiScaleMode: 0
  m_ReferencePixelsPerUnit: 100
  m_ScaleFactor: 1
  m_ReferenceResolution: {x: 800, y: 600}
  m_ScreenMatchMode: 0
  m_MatchWidthOrHeight: 0
  m_PhysicalUnit: 3
  m_FallbackScreenDPI: 96
  m_DefaultSpriteDPI: 96
  m_DynamicPixelsPerUnit: 1
--- !u!223 &1087930593
Canvas:
  m_ObjectHideFlags: 0
  m_CorrespondingSourceObject: {fileID: 0}
  m_PrefabInstance: {fileID: 0}
  m_PrefabAsset: {fileID: 0}
  m_GameObject: {fileID: 1087930590}
  m_Enabled: 1
  serializedVersion: 3
  m_RenderMode: 1
  m_Camera: {fileID: 519420031}
  m_PlaneDistance: 100
  m_PixelPerfect: 0
  m_ReceivesEvents: 1
  m_OverrideSorting: 0
  m_OverridePixelPerfect: 0
  m_SortingBucketNormalizedSize: 0
  m_AdditionalShaderChannelsFlag: 0
  m_SortingLayerID: 0
  m_SortingOrder: 2
  m_TargetDisplay: 0
--- !u!224 &1087930594
RectTransform:
  m_ObjectHideFlags: 0
  m_CorrespondingSourceObject: {fileID: 0}
  m_PrefabInstance: {fileID: 0}
  m_PrefabAsset: {fileID: 0}
  m_GameObject: {fileID: 1087930590}
  m_LocalRotation: {x: 0, y: 0, z: 0, w: 1}
  m_LocalPosition: {x: 0, y: 0, z: 0}
  m_LocalScale: {x: 0, y: 0, z: 0}
  m_Children:
  - {fileID: 2034384596}
  - {fileID: 271042304}
  m_Father: {fileID: 0}
  m_RootOrder: 5
  m_LocalEulerAnglesHint: {x: 0, y: 0, z: 0}
  m_AnchorMin: {x: 0, y: 0}
  m_AnchorMax: {x: 0, y: 0}
  m_AnchoredPosition: {x: 0, y: 0}
  m_SizeDelta: {x: 0, y: 0}
  m_Pivot: {x: 0, y: 0}
--- !u!1001 &1096437536
PrefabInstance:
  m_ObjectHideFlags: 0
  serializedVersion: 2
  m_Modification:
    m_TransformParent: {fileID: 1673311987}
    m_Modifications:
    - target: {fileID: 3157141553688855220, guid: b1f4807e5608df4479d98f1cde22a994,
        type: 3}
      propertyPath: m_FlipX
      value: 1
      objectReference: {fileID: 0}
    - target: {fileID: 5741129001081825452, guid: b1f4807e5608df4479d98f1cde22a994,
        type: 3}
      propertyPath: throughBombTime
      value: 0.3
      objectReference: {fileID: 0}
    - target: {fileID: 6247438639348190495, guid: b1f4807e5608df4479d98f1cde22a994,
        type: 3}
      propertyPath: m_LocalPosition.x
      value: -4.52
      objectReference: {fileID: 0}
    - target: {fileID: 6247438639348190495, guid: b1f4807e5608df4479d98f1cde22a994,
        type: 3}
      propertyPath: m_LocalPosition.y
      value: 0.29
      objectReference: {fileID: 0}
    - target: {fileID: 6247438639348190495, guid: b1f4807e5608df4479d98f1cde22a994,
        type: 3}
      propertyPath: m_LocalPosition.z
      value: 0
      objectReference: {fileID: 0}
    - target: {fileID: 6247438639348190495, guid: b1f4807e5608df4479d98f1cde22a994,
        type: 3}
      propertyPath: m_LocalRotation.x
      value: 0
      objectReference: {fileID: 0}
    - target: {fileID: 6247438639348190495, guid: b1f4807e5608df4479d98f1cde22a994,
        type: 3}
      propertyPath: m_LocalRotation.y
      value: 0
      objectReference: {fileID: 0}
    - target: {fileID: 6247438639348190495, guid: b1f4807e5608df4479d98f1cde22a994,
        type: 3}
      propertyPath: m_LocalRotation.z
      value: 0
      objectReference: {fileID: 0}
    - target: {fileID: 6247438639348190495, guid: b1f4807e5608df4479d98f1cde22a994,
        type: 3}
      propertyPath: m_LocalRotation.w
      value: 1
      objectReference: {fileID: 0}
    - target: {fileID: 6247438639348190495, guid: b1f4807e5608df4479d98f1cde22a994,
        type: 3}
      propertyPath: m_RootOrder
      value: 6
      objectReference: {fileID: 0}
    - target: {fileID: 6247438639348190495, guid: b1f4807e5608df4479d98f1cde22a994,
        type: 3}
      propertyPath: m_LocalEulerAnglesHint.x
      value: 0
      objectReference: {fileID: 0}
    - target: {fileID: 6247438639348190495, guid: b1f4807e5608df4479d98f1cde22a994,
        type: 3}
      propertyPath: m_LocalEulerAnglesHint.y
      value: 0
      objectReference: {fileID: 0}
    - target: {fileID: 6247438639348190495, guid: b1f4807e5608df4479d98f1cde22a994,
        type: 3}
      propertyPath: m_LocalEulerAnglesHint.z
      value: 0
      objectReference: {fileID: 0}
    - target: {fileID: 8157845212185007894, guid: b1f4807e5608df4479d98f1cde22a994,
        type: 3}
      propertyPath: m_Name
      value: Wolf (6)
      objectReference: {fileID: 0}
    m_RemovedComponents: []
  m_SourcePrefab: {fileID: 100100000, guid: b1f4807e5608df4479d98f1cde22a994, type: 3}
--- !u!1001 &1099799769
PrefabInstance:
  m_ObjectHideFlags: 0
  serializedVersion: 2
  m_Modification:
    m_TransformParent: {fileID: 1673311987}
    m_Modifications:
    - target: {fileID: 3157141553688855220, guid: b1f4807e5608df4479d98f1cde22a994,
        type: 3}
      propertyPath: m_FlipX
      value: 1
      objectReference: {fileID: 0}
    - target: {fileID: 5741129001081825452, guid: b1f4807e5608df4479d98f1cde22a994,
        type: 3}
      propertyPath: throughBombTime
      value: 0.3
      objectReference: {fileID: 0}
    - target: {fileID: 6247438639348190495, guid: b1f4807e5608df4479d98f1cde22a994,
        type: 3}
      propertyPath: m_LocalPosition.x
      value: -4.5200005
      objectReference: {fileID: 0}
    - target: {fileID: 6247438639348190495, guid: b1f4807e5608df4479d98f1cde22a994,
        type: 3}
      propertyPath: m_LocalPosition.y
      value: -4.2
      objectReference: {fileID: 0}
    - target: {fileID: 6247438639348190495, guid: b1f4807e5608df4479d98f1cde22a994,
        type: 3}
      propertyPath: m_LocalPosition.z
      value: 0
      objectReference: {fileID: 0}
    - target: {fileID: 6247438639348190495, guid: b1f4807e5608df4479d98f1cde22a994,
        type: 3}
      propertyPath: m_LocalRotation.x
      value: 0
      objectReference: {fileID: 0}
    - target: {fileID: 6247438639348190495, guid: b1f4807e5608df4479d98f1cde22a994,
        type: 3}
      propertyPath: m_LocalRotation.y
      value: 0
      objectReference: {fileID: 0}
    - target: {fileID: 6247438639348190495, guid: b1f4807e5608df4479d98f1cde22a994,
        type: 3}
      propertyPath: m_LocalRotation.z
      value: 0
      objectReference: {fileID: 0}
    - target: {fileID: 6247438639348190495, guid: b1f4807e5608df4479d98f1cde22a994,
        type: 3}
      propertyPath: m_LocalRotation.w
      value: 1
      objectReference: {fileID: 0}
    - target: {fileID: 6247438639348190495, guid: b1f4807e5608df4479d98f1cde22a994,
        type: 3}
      propertyPath: m_RootOrder
      value: 9
      objectReference: {fileID: 0}
    - target: {fileID: 6247438639348190495, guid: b1f4807e5608df4479d98f1cde22a994,
        type: 3}
      propertyPath: m_LocalEulerAnglesHint.x
      value: 0
      objectReference: {fileID: 0}
    - target: {fileID: 6247438639348190495, guid: b1f4807e5608df4479d98f1cde22a994,
        type: 3}
      propertyPath: m_LocalEulerAnglesHint.y
      value: 0
      objectReference: {fileID: 0}
    - target: {fileID: 6247438639348190495, guid: b1f4807e5608df4479d98f1cde22a994,
        type: 3}
      propertyPath: m_LocalEulerAnglesHint.z
      value: 0
      objectReference: {fileID: 0}
    - target: {fileID: 8157845212185007894, guid: b1f4807e5608df4479d98f1cde22a994,
        type: 3}
      propertyPath: m_Name
      value: Wolf (9)
      objectReference: {fileID: 0}
    m_RemovedComponents: []
  m_SourcePrefab: {fileID: 100100000, guid: b1f4807e5608df4479d98f1cde22a994, type: 3}
--- !u!4 &1220764256 stripped
Transform:
  m_CorrespondingSourceObject: {fileID: 6247438639348190495, guid: b1f4807e5608df4479d98f1cde22a994,
    type: 3}
  m_PrefabInstance: {fileID: 1900235962}
  m_PrefabAsset: {fileID: 0}
--- !u!4 &1271886969 stripped
Transform:
  m_CorrespondingSourceObject: {fileID: 6247438639348190495, guid: b1f4807e5608df4479d98f1cde22a994,
    type: 3}
  m_PrefabInstance: {fileID: 1469783697}
  m_PrefabAsset: {fileID: 0}
--- !u!4 &1306833886 stripped
Transform:
  m_CorrespondingSourceObject: {fileID: 6247438639348190495, guid: b1f4807e5608df4479d98f1cde22a994,
    type: 3}
  m_PrefabInstance: {fileID: 1096437536}
  m_PrefabAsset: {fileID: 0}
--- !u!4 &1321580320 stripped
Transform:
  m_CorrespondingSourceObject: {fileID: 6247438639348190495, guid: b1f4807e5608df4479d98f1cde22a994,
    type: 3}
  m_PrefabInstance: {fileID: 1569070481}
  m_PrefabAsset: {fileID: 0}
--- !u!1001 &1469783697
PrefabInstance:
  m_ObjectHideFlags: 0
  serializedVersion: 2
  m_Modification:
    m_TransformParent: {fileID: 1673311987}
    m_Modifications:
    - target: {fileID: 3157141553688855220, guid: b1f4807e5608df4479d98f1cde22a994,
        type: 3}
      propertyPath: m_FlipX
      value: 1
      objectReference: {fileID: 0}
    - target: {fileID: 5741129001081825452, guid: b1f4807e5608df4479d98f1cde22a994,
        type: 3}
      propertyPath: throughBombTime
      value: 0.3
      objectReference: {fileID: 0}
    - target: {fileID: 6247438639348190495, guid: b1f4807e5608df4479d98f1cde22a994,
        type: 3}
      propertyPath: m_LocalPosition.x
      value: -4.5200005
      objectReference: {fileID: 0}
    - target: {fileID: 6247438639348190495, guid: b1f4807e5608df4479d98f1cde22a994,
        type: 3}
      propertyPath: m_LocalPosition.y
      value: -1.18
      objectReference: {fileID: 0}
    - target: {fileID: 6247438639348190495, guid: b1f4807e5608df4479d98f1cde22a994,
        type: 3}
      propertyPath: m_LocalPosition.z
      value: 0
      objectReference: {fileID: 0}
    - target: {fileID: 6247438639348190495, guid: b1f4807e5608df4479d98f1cde22a994,
        type: 3}
      propertyPath: m_LocalRotation.x
      value: 0
      objectReference: {fileID: 0}
    - target: {fileID: 6247438639348190495, guid: b1f4807e5608df4479d98f1cde22a994,
        type: 3}
      propertyPath: m_LocalRotation.y
      value: 0
      objectReference: {fileID: 0}
    - target: {fileID: 6247438639348190495, guid: b1f4807e5608df4479d98f1cde22a994,
        type: 3}
      propertyPath: m_LocalRotation.z
      value: 0
      objectReference: {fileID: 0}
    - target: {fileID: 6247438639348190495, guid: b1f4807e5608df4479d98f1cde22a994,
        type: 3}
      propertyPath: m_LocalRotation.w
      value: 1
      objectReference: {fileID: 0}
    - target: {fileID: 6247438639348190495, guid: b1f4807e5608df4479d98f1cde22a994,
        type: 3}
      propertyPath: m_RootOrder
      value: 7
      objectReference: {fileID: 0}
    - target: {fileID: 6247438639348190495, guid: b1f4807e5608df4479d98f1cde22a994,
        type: 3}
      propertyPath: m_LocalEulerAnglesHint.x
      value: 0
      objectReference: {fileID: 0}
    - target: {fileID: 6247438639348190495, guid: b1f4807e5608df4479d98f1cde22a994,
        type: 3}
      propertyPath: m_LocalEulerAnglesHint.y
      value: 0
      objectReference: {fileID: 0}
    - target: {fileID: 6247438639348190495, guid: b1f4807e5608df4479d98f1cde22a994,
        type: 3}
      propertyPath: m_LocalEulerAnglesHint.z
      value: 0
      objectReference: {fileID: 0}
    - target: {fileID: 8157845212185007894, guid: b1f4807e5608df4479d98f1cde22a994,
        type: 3}
      propertyPath: m_Name
      value: Wolf (7)
      objectReference: {fileID: 0}
    m_RemovedComponents: []
  m_SourcePrefab: {fileID: 100100000, guid: b1f4807e5608df4479d98f1cde22a994, type: 3}
--- !u!4 &1511882079 stripped
Transform:
  m_CorrespondingSourceObject: {fileID: 6247438639348190495, guid: b1f4807e5608df4479d98f1cde22a994,
    type: 3}
  m_PrefabInstance: {fileID: 590411353}
  m_PrefabAsset: {fileID: 0}
--- !u!4 &1512916360 stripped
Transform:
  m_CorrespondingSourceObject: {fileID: 6247438639348190495, guid: b1f4807e5608df4479d98f1cde22a994,
    type: 3}
  m_PrefabInstance: {fileID: 1542833743}
  m_PrefabAsset: {fileID: 0}
--- !u!1001 &1542833743
PrefabInstance:
  m_ObjectHideFlags: 0
  serializedVersion: 2
  m_Modification:
    m_TransformParent: {fileID: 1673311987}
    m_Modifications:
    - target: {fileID: 3157141553688855220, guid: b1f4807e5608df4479d98f1cde22a994,
        type: 3}
      propertyPath: m_FlipX
      value: 1
      objectReference: {fileID: 0}
    - target: {fileID: 5741129001081825452, guid: b1f4807e5608df4479d98f1cde22a994,
        type: 3}
      propertyPath: throughBombTime
      value: 0.3
      objectReference: {fileID: 0}
    - target: {fileID: 6247438639348190495, guid: b1f4807e5608df4479d98f1cde22a994,
        type: 3}
      propertyPath: m_LocalPosition.x
      value: -4.5200005
      objectReference: {fileID: 0}
    - target: {fileID: 6247438639348190495, guid: b1f4807e5608df4479d98f1cde22a994,
        type: 3}
      propertyPath: m_LocalPosition.y
      value: -2.65
      objectReference: {fileID: 0}
    - target: {fileID: 6247438639348190495, guid: b1f4807e5608df4479d98f1cde22a994,
        type: 3}
      propertyPath: m_LocalPosition.z
      value: 0
      objectReference: {fileID: 0}
    - target: {fileID: 6247438639348190495, guid: b1f4807e5608df4479d98f1cde22a994,
        type: 3}
      propertyPath: m_LocalRotation.x
      value: 0
      objectReference: {fileID: 0}
    - target: {fileID: 6247438639348190495, guid: b1f4807e5608df4479d98f1cde22a994,
        type: 3}
      propertyPath: m_LocalRotation.y
      value: 0
      objectReference: {fileID: 0}
    - target: {fileID: 6247438639348190495, guid: b1f4807e5608df4479d98f1cde22a994,
        type: 3}
      propertyPath: m_LocalRotation.z
      value: 0
      objectReference: {fileID: 0}
    - target: {fileID: 6247438639348190495, guid: b1f4807e5608df4479d98f1cde22a994,
        type: 3}
      propertyPath: m_LocalRotation.w
      value: 1
      objectReference: {fileID: 0}
    - target: {fileID: 6247438639348190495, guid: b1f4807e5608df4479d98f1cde22a994,
        type: 3}
      propertyPath: m_RootOrder
      value: 8
      objectReference: {fileID: 0}
    - target: {fileID: 6247438639348190495, guid: b1f4807e5608df4479d98f1cde22a994,
        type: 3}
      propertyPath: m_LocalEulerAnglesHint.x
      value: 0
      objectReference: {fileID: 0}
    - target: {fileID: 6247438639348190495, guid: b1f4807e5608df4479d98f1cde22a994,
        type: 3}
      propertyPath: m_LocalEulerAnglesHint.y
      value: 0
      objectReference: {fileID: 0}
    - target: {fileID: 6247438639348190495, guid: b1f4807e5608df4479d98f1cde22a994,
        type: 3}
      propertyPath: m_LocalEulerAnglesHint.z
      value: 0
      objectReference: {fileID: 0}
    - target: {fileID: 8157845212185007894, guid: b1f4807e5608df4479d98f1cde22a994,
        type: 3}
      propertyPath: m_Name
      value: Wolf (8)
      objectReference: {fileID: 0}
    m_RemovedComponents: []
  m_SourcePrefab: {fileID: 100100000, guid: b1f4807e5608df4479d98f1cde22a994, type: 3}
--- !u!1001 &1569070481
PrefabInstance:
  m_ObjectHideFlags: 0
  serializedVersion: 2
  m_Modification:
    m_TransformParent: {fileID: 1673311987}
    m_Modifications:
    - target: {fileID: 3157141553688855220, guid: b1f4807e5608df4479d98f1cde22a994,
        type: 3}
      propertyPath: m_FlipX
      value: 1
      objectReference: {fileID: 0}
    - target: {fileID: 5741129001081825452, guid: b1f4807e5608df4479d98f1cde22a994,
        type: 3}
      propertyPath: throughBombTime
      value: 0.3
      objectReference: {fileID: 0}
    - target: {fileID: 6247438639348190495, guid: b1f4807e5608df4479d98f1cde22a994,
        type: 3}
      propertyPath: m_LocalPosition.x
      value: -4.5200005
      objectReference: {fileID: 0}
    - target: {fileID: 6247438639348190495, guid: b1f4807e5608df4479d98f1cde22a994,
        type: 3}
      propertyPath: m_LocalPosition.y
      value: 1.77
      objectReference: {fileID: 0}
    - target: {fileID: 6247438639348190495, guid: b1f4807e5608df4479d98f1cde22a994,
        type: 3}
      propertyPath: m_LocalPosition.z
      value: 0
      objectReference: {fileID: 0}
    - target: {fileID: 6247438639348190495, guid: b1f4807e5608df4479d98f1cde22a994,
        type: 3}
      propertyPath: m_LocalRotation.x
      value: 0
      objectReference: {fileID: 0}
    - target: {fileID: 6247438639348190495, guid: b1f4807e5608df4479d98f1cde22a994,
        type: 3}
      propertyPath: m_LocalRotation.y
      value: 0
      objectReference: {fileID: 0}
    - target: {fileID: 6247438639348190495, guid: b1f4807e5608df4479d98f1cde22a994,
        type: 3}
      propertyPath: m_LocalRotation.z
      value: 0
      objectReference: {fileID: 0}
    - target: {fileID: 6247438639348190495, guid: b1f4807e5608df4479d98f1cde22a994,
        type: 3}
      propertyPath: m_LocalRotation.w
      value: 1
      objectReference: {fileID: 0}
    - target: {fileID: 6247438639348190495, guid: b1f4807e5608df4479d98f1cde22a994,
        type: 3}
      propertyPath: m_RootOrder
      value: 5
      objectReference: {fileID: 0}
    - target: {fileID: 6247438639348190495, guid: b1f4807e5608df4479d98f1cde22a994,
        type: 3}
      propertyPath: m_LocalEulerAnglesHint.x
      value: 0
      objectReference: {fileID: 0}
    - target: {fileID: 6247438639348190495, guid: b1f4807e5608df4479d98f1cde22a994,
        type: 3}
      propertyPath: m_LocalEulerAnglesHint.y
      value: 0
      objectReference: {fileID: 0}
    - target: {fileID: 6247438639348190495, guid: b1f4807e5608df4479d98f1cde22a994,
        type: 3}
      propertyPath: m_LocalEulerAnglesHint.z
      value: 0
      objectReference: {fileID: 0}
    - target: {fileID: 8157845212185007894, guid: b1f4807e5608df4479d98f1cde22a994,
        type: 3}
      propertyPath: m_Name
      value: Wolf (5)
      objectReference: {fileID: 0}
    m_RemovedComponents: []
  m_SourcePrefab: {fileID: 100100000, guid: b1f4807e5608df4479d98f1cde22a994, type: 3}
--- !u!1 &1673311986
GameObject:
  m_ObjectHideFlags: 0
  m_CorrespondingSourceObject: {fileID: 0}
  m_PrefabInstance: {fileID: 0}
  m_PrefabAsset: {fileID: 0}
  serializedVersion: 6
  m_Component:
  - component: {fileID: 1673311987}
  m_Layer: 0
  m_Name: Wolf
  m_TagString: Untagged
  m_Icon: {fileID: 0}
  m_NavMeshLayer: 0
  m_StaticEditorFlags: 0
  m_IsActive: 1
--- !u!4 &1673311987
Transform:
  m_ObjectHideFlags: 0
  m_CorrespondingSourceObject: {fileID: 0}
  m_PrefabInstance: {fileID: 0}
  m_PrefabAsset: {fileID: 0}
  m_GameObject: {fileID: 1673311986}
  m_LocalRotation: {x: 0, y: 0, z: 0, w: 1}
  m_LocalPosition: {x: -2.4475186, y: 1.3018532, z: -3.351914}
  m_LocalScale: {x: 1, y: 1, z: 1}
  m_Children:
  - {fileID: 7412889285373361964}
  - {fileID: 1220764256}
  - {fileID: 1511882079}
  - {fileID: 602384474}
  - {fileID: 1976923469}
  - {fileID: 1321580320}
  - {fileID: 1306833886}
  - {fileID: 1271886969}
  - {fileID: 1512916360}
  - {fileID: 317747305}
  m_Father: {fileID: 0}
  m_RootOrder: 3
  m_LocalEulerAnglesHint: {x: 0, y: 0, z: 0}
--- !u!1 &1843589531
GameObject:
  m_ObjectHideFlags: 0
  m_CorrespondingSourceObject: {fileID: 0}
  m_PrefabInstance: {fileID: 0}
  m_PrefabAsset: {fileID: 0}
  serializedVersion: 6
  m_Component:
  - component: {fileID: 1843589533}
  - component: {fileID: 1843589532}
  m_Layer: 0
  m_Name: BackGround
  m_TagString: Untagged
  m_Icon: {fileID: 0}
  m_NavMeshLayer: 0
  m_StaticEditorFlags: 0
  m_IsActive: 1
--- !u!212 &1843589532
SpriteRenderer:
  m_ObjectHideFlags: 0
  m_CorrespondingSourceObject: {fileID: 0}
  m_PrefabInstance: {fileID: 0}
  m_PrefabAsset: {fileID: 0}
  m_GameObject: {fileID: 1843589531}
  m_Enabled: 1
  m_CastShadows: 0
  m_ReceiveShadows: 0
  m_DynamicOccludee: 1
  m_MotionVectors: 1
  m_LightProbeUsage: 1
  m_ReflectionProbeUsage: 1
  m_RayTracingMode: 0
  m_RenderingLayerMask: 1
  m_RendererPriority: 0
  m_Materials:
  - {fileID: 10754, guid: 0000000000000000f000000000000000, type: 0}
  m_StaticBatchInfo:
    firstSubMesh: 0
    subMeshCount: 0
  m_StaticBatchRoot: {fileID: 0}
  m_ProbeAnchor: {fileID: 0}
  m_LightProbeVolumeOverride: {fileID: 0}
  m_ScaleInLightmap: 1
  m_ReceiveGI: 1
  m_PreserveUVs: 0
  m_IgnoreNormalsForChartDetection: 0
  m_ImportantGI: 0
  m_StitchLightmapSeams: 1
  m_SelectedEditorRenderState: 0
  m_MinimumChartSize: 4
  m_AutoUVMaxDistance: 0.5
  m_AutoUVMaxAngle: 89
  m_LightmapParameters: {fileID: 0}
  m_SortingLayerID: 0
  m_SortingLayer: 0
  m_SortingOrder: 0
  m_Sprite: {fileID: 21300000, guid: 352261d3cca438b4b8beb442cf9ba468, type: 3}
  m_Color: {r: 1, g: 1, b: 1, a: 1}
  m_FlipX: 0
  m_FlipY: 0
  m_DrawMode: 0
  m_Size: {x: 9, y: 5.87}
  m_AdaptiveModeThreshold: 0.5
  m_SpriteTileMode: 0
  m_WasSpriteAssigned: 1
  m_MaskInteraction: 0
  m_SpriteSortPoint: 0
--- !u!4 &1843589533
Transform:
  m_ObjectHideFlags: 0
  m_CorrespondingSourceObject: {fileID: 0}
  m_PrefabInstance: {fileID: 0}
  m_PrefabAsset: {fileID: 0}
  m_GameObject: {fileID: 1843589531}
  m_LocalRotation: {x: 0, y: 0, z: 0, w: 1}
  m_LocalPosition: {x: 0, y: 0, z: 0}
  m_LocalScale: {x: 1, y: 1, z: 1}
  m_Children: []
  m_Father: {fileID: 0}
  m_RootOrder: 1
  m_LocalEulerAnglesHint: {x: 0, y: 0, z: 0}
--- !u!1001 &1900235962
PrefabInstance:
  m_ObjectHideFlags: 0
  serializedVersion: 2
  m_Modification:
    m_TransformParent: {fileID: 1673311987}
    m_Modifications:
    - target: {fileID: 5741129001081825452, guid: b1f4807e5608df4479d98f1cde22a994,
        type: 3}
      propertyPath: throughBombTime
      value: 0.3
      objectReference: {fileID: 0}
    - target: {fileID: 6247438639348190495, guid: b1f4807e5608df4479d98f1cde22a994,
        type: 3}
      propertyPath: m_LocalPosition.x
      value: 9.41
      objectReference: {fileID: 0}
    - target: {fileID: 6247438639348190495, guid: b1f4807e5608df4479d98f1cde22a994,
        type: 3}
      propertyPath: m_LocalPosition.y
      value: 0.29
      objectReference: {fileID: 0}
    - target: {fileID: 6247438639348190495, guid: b1f4807e5608df4479d98f1cde22a994,
        type: 3}
      propertyPath: m_LocalPosition.z
      value: 0
      objectReference: {fileID: 0}
    - target: {fileID: 6247438639348190495, guid: b1f4807e5608df4479d98f1cde22a994,
        type: 3}
      propertyPath: m_LocalRotation.x
      value: 0
      objectReference: {fileID: 0}
    - target: {fileID: 6247438639348190495, guid: b1f4807e5608df4479d98f1cde22a994,
        type: 3}
      propertyPath: m_LocalRotation.y
      value: 0
      objectReference: {fileID: 0}
    - target: {fileID: 6247438639348190495, guid: b1f4807e5608df4479d98f1cde22a994,
        type: 3}
      propertyPath: m_LocalRotation.z
      value: 0
      objectReference: {fileID: 0}
    - target: {fileID: 6247438639348190495, guid: b1f4807e5608df4479d98f1cde22a994,
        type: 3}
      propertyPath: m_LocalRotation.w
      value: 1
      objectReference: {fileID: 0}
    - target: {fileID: 6247438639348190495, guid: b1f4807e5608df4479d98f1cde22a994,
        type: 3}
      propertyPath: m_RootOrder
      value: 1
      objectReference: {fileID: 0}
    - target: {fileID: 6247438639348190495, guid: b1f4807e5608df4479d98f1cde22a994,
        type: 3}
      propertyPath: m_LocalEulerAnglesHint.x
      value: 0
      objectReference: {fileID: 0}
    - target: {fileID: 6247438639348190495, guid: b1f4807e5608df4479d98f1cde22a994,
        type: 3}
      propertyPath: m_LocalEulerAnglesHint.y
      value: 0
      objectReference: {fileID: 0}
    - target: {fileID: 6247438639348190495, guid: b1f4807e5608df4479d98f1cde22a994,
        type: 3}
      propertyPath: m_LocalEulerAnglesHint.z
      value: 0
      objectReference: {fileID: 0}
    - target: {fileID: 8157845212185007894, guid: b1f4807e5608df4479d98f1cde22a994,
        type: 3}
      propertyPath: m_Name
      value: Wolf (1)
      objectReference: {fileID: 0}
    m_RemovedComponents: []
  m_SourcePrefab: {fileID: 100100000, guid: b1f4807e5608df4479d98f1cde22a994, type: 3}
--- !u!4 &1976923469 stripped
Transform:
  m_CorrespondingSourceObject: {fileID: 6247438639348190495, guid: b1f4807e5608df4479d98f1cde22a994,
    type: 3}
  m_PrefabInstance: {fileID: 992560449}
  m_PrefabAsset: {fileID: 0}
--- !u!1 &2034384595
GameObject:
  m_ObjectHideFlags: 0
  m_CorrespondingSourceObject: {fileID: 0}
  m_PrefabInstance: {fileID: 0}
  m_PrefabAsset: {fileID: 0}
  serializedVersion: 6
  m_Component:
  - component: {fileID: 2034384596}
  - component: {fileID: 2034384598}
  - component: {fileID: 2034384597}
  m_Layer: 5
  m_Name: Panel
  m_TagString: Untagged
  m_Icon: {fileID: 0}
  m_NavMeshLayer: 0
  m_StaticEditorFlags: 0
  m_IsActive: 0
--- !u!224 &2034384596
RectTransform:
  m_ObjectHideFlags: 0
  m_CorrespondingSourceObject: {fileID: 0}
  m_PrefabInstance: {fileID: 0}
  m_PrefabAsset: {fileID: 0}
  m_GameObject: {fileID: 2034384595}
  m_LocalRotation: {x: 0, y: 0, z: 0, w: 1}
  m_LocalPosition: {x: 0, y: 0, z: 0}
  m_LocalScale: {x: 1, y: 1, z: 1}
  m_Children:
  - {fileID: 778001809}
  m_Father: {fileID: 1087930594}
  m_RootOrder: 0
  m_LocalEulerAnglesHint: {x: 0, y: 0, z: 0}
  m_AnchorMin: {x: 0, y: 0}
  m_AnchorMax: {x: 1, y: 1}
  m_AnchoredPosition: {x: 0, y: 0}
  m_SizeDelta: {x: 0, y: 0}
  m_Pivot: {x: 0.5, y: 0.5}
--- !u!114 &2034384597
MonoBehaviour:
  m_ObjectHideFlags: 0
  m_CorrespondingSourceObject: {fileID: 0}
  m_PrefabInstance: {fileID: 0}
  m_PrefabAsset: {fileID: 0}
  m_GameObject: {fileID: 2034384595}
  m_Enabled: 1
  m_EditorHideFlags: 0
  m_Script: {fileID: 11500000, guid: fe87c0e1cc204ed48ad3b37840f39efc, type: 3}
  m_Name: 
  m_EditorClassIdentifier: 
  m_Material: {fileID: 0}
  m_Color: {r: 1, g: 1, b: 1, a: 0.392}
  m_RaycastTarget: 1
  m_OnCullStateChanged:
    m_PersistentCalls:
      m_Calls: []
  m_Sprite: {fileID: 10907, guid: 0000000000000000f000000000000000, type: 0}
  m_Type: 1
  m_PreserveAspect: 0
  m_FillCenter: 1
  m_FillMethod: 4
  m_FillAmount: 1
  m_FillClockwise: 1
  m_FillOrigin: 0
  m_UseSpriteMesh: 0
  m_PixelsPerUnitMultiplier: 1
--- !u!222 &2034384598
CanvasRenderer:
  m_ObjectHideFlags: 0
  m_CorrespondingSourceObject: {fileID: 0}
  m_PrefabInstance: {fileID: 0}
  m_PrefabAsset: {fileID: 0}
  m_GameObject: {fileID: 2034384595}
  m_CullTransparentMesh: 0
--- !u!1001 &3489308741547618867
PrefabInstance:
  m_ObjectHideFlags: 0
  serializedVersion: 2
  m_Modification:
    m_TransformParent: {fileID: 1673311987}
    m_Modifications:
    - target: {fileID: 5741129001081825452, guid: b1f4807e5608df4479d98f1cde22a994,
        type: 3}
      propertyPath: throughBombTime
      value: 0.3
      objectReference: {fileID: 0}
    - target: {fileID: 6247438639348190495, guid: b1f4807e5608df4479d98f1cde22a994,
        type: 3}
      propertyPath: m_LocalPosition.x
      value: 9.41
      objectReference: {fileID: 0}
    - target: {fileID: 6247438639348190495, guid: b1f4807e5608df4479d98f1cde22a994,
        type: 3}
      propertyPath: m_LocalPosition.y
      value: 1.77
      objectReference: {fileID: 0}
    - target: {fileID: 6247438639348190495, guid: b1f4807e5608df4479d98f1cde22a994,
        type: 3}
      propertyPath: m_LocalPosition.z
      value: 0
      objectReference: {fileID: 0}
    - target: {fileID: 6247438639348190495, guid: b1f4807e5608df4479d98f1cde22a994,
        type: 3}
      propertyPath: m_LocalRotation.x
      value: 0
      objectReference: {fileID: 0}
    - target: {fileID: 6247438639348190495, guid: b1f4807e5608df4479d98f1cde22a994,
        type: 3}
      propertyPath: m_LocalRotation.y
      value: 0
      objectReference: {fileID: 0}
    - target: {fileID: 6247438639348190495, guid: b1f4807e5608df4479d98f1cde22a994,
        type: 3}
      propertyPath: m_LocalRotation.z
      value: 0
      objectReference: {fileID: 0}
    - target: {fileID: 6247438639348190495, guid: b1f4807e5608df4479d98f1cde22a994,
        type: 3}
      propertyPath: m_LocalRotation.w
      value: 1
      objectReference: {fileID: 0}
    - target: {fileID: 6247438639348190495, guid: b1f4807e5608df4479d98f1cde22a994,
        type: 3}
      propertyPath: m_RootOrder
      value: 0
      objectReference: {fileID: 0}
    - target: {fileID: 6247438639348190495, guid: b1f4807e5608df4479d98f1cde22a994,
        type: 3}
      propertyPath: m_LocalEulerAnglesHint.x
      value: 0
      objectReference: {fileID: 0}
    - target: {fileID: 6247438639348190495, guid: b1f4807e5608df4479d98f1cde22a994,
        type: 3}
      propertyPath: m_LocalEulerAnglesHint.y
      value: 0
      objectReference: {fileID: 0}
    - target: {fileID: 6247438639348190495, guid: b1f4807e5608df4479d98f1cde22a994,
        type: 3}
      propertyPath: m_LocalEulerAnglesHint.z
      value: 0
      objectReference: {fileID: 0}
    - target: {fileID: 8157845212185007894, guid: b1f4807e5608df4479d98f1cde22a994,
        type: 3}
      propertyPath: m_Name
      value: Wolf
      objectReference: {fileID: 0}
    m_RemovedComponents: []
  m_SourcePrefab: {fileID: 100100000, guid: b1f4807e5608df4479d98f1cde22a994, type: 3}
--- !u!4 &7412889285373361964 stripped
Transform:
  m_CorrespondingSourceObject: {fileID: 6247438639348190495, guid: b1f4807e5608df4479d98f1cde22a994,
    type: 3}
  m_PrefabInstance: {fileID: 3489308741547618867}
  m_PrefabAsset: {fileID: 0}
